<record><leader>00000cas a22000007a 4500</leader><controlfield tag="001">20817646</controlfield><controlfield tag="008">891222d18811881mnuwr n       0    0eng d</controlfield><datafield ind1=" " ind2=" " tag="010"><subfield code="a">sn 89064953 </subfield></datafield><datafield ind1=" " ind2=" " tag="040"><subfield code="a">MN#</subfield><subfield code="b">eng</subfield><subfield code="c">MN#</subfield><subfield code="d">OCLCQ</subfield><subfield code="d">OCLCF</subfield><subfield code="d">OCLCO</subfield></datafield><datafield ind1=" " ind2=" " tag="042"><subfield code="a">msc</subfield></datafield><datafield ind1=" " ind2=" " tag="043"><subfield code="a">n-us-mn</subfield></datafield><datafield ind1=" " ind2=" " tag="052"><subfield code="a">4144</subfield><subfield code="b">S66</subfield></datafield><datafield ind1=" " ind2=" " tag="052"><subfield code="a">4143</subfield><subfield code="b">B7</subfield></datafield><datafield ind1="0" ind2="4" tag="245"><subfield code="a">The Brown County pioneer.</subfield></datafield><datafield ind1=" " ind2=" " tag="260"><subfield code="a">Sleepy Eye, Minn. :</subfield><subfield code="b">Chas. Bromwich</subfield></datafield><datafield ind1=" " ind2=" " tag="300"><subfield code="a">v.</subfield></datafield><datafield ind1=" " ind2=" " tag="310"><subfield code="a">Weekly</subfield></datafield><datafield ind1="1" ind2=" " tag="362"><subfield code="a">Began in 1881; ceased with issue for Aug. 5, 1881.</subfield></datafield><datafield ind1=" " ind2=" " tag="530"><subfield code="a">Available on microfilm from the Minnesota Historical Society.</subfield></datafield><datafield ind1=" " ind2=" " tag="588"><subfield code="a">Description based on: Vol. 1, no. 2 (June 22, 1881).</subfield></datafield><datafield ind1=" " ind2="0" tag="651"><subfield code="a">Sleepy Eye (Minn.)</subfield><subfield code="v">Newspapers.</subfield></datafield><datafield ind1=" " ind2="7" tag="655"><subfield code="a">Newspapers.</subfield><subfield code="2">fast</subfield><subfield code="0">(OCoLC)fst01423814</subfield></datafield><datafield ind1=" " ind2="7" tag="651"><subfield code="a">Minnesota</subfield><subfield code="z">Sleepy Eye.</subfield><subfield code="2">fast</subfield><subfield code="0">(OCoLC)fst01227949</subfield></datafield><datafield ind1=" " ind2=" " tag="752"><subfield code="a">United States</subfield><subfield code="b">Minnesota</subfield><subfield code="c">Brown Eye</subfield><subfield code="d">Sleepy Eye.</subfield></datafield><datafield ind1="0" ind2="0" tag="785"><subfield code="t">Brown County Republican (Sleepy Eye, Minn.)</subfield><subfield code="w">(DLC)sn 89064952</subfield></datafield></record>